@article{Bentley,
 author = {Bentley, Jon},
 title = {Programming Pearls: Writing Correct Programs},
 journal = {Commun. ACM},
 issue_date = {Dec. 1983},
 volume = {26},
 number = {12},
 month = dec,
 year = {1983},
 issn = {0001-0782},
 pages = {1040--1045},
 numpages = {6},
 url = {http://doi.acm.org/10.1145/358476.358484},
 doi = {10.1145/358476.358484},
 acmid = {358484},
 publisher = {ACM},
 address = {New York, NY, USA},
} 

